<?xml version="1.0" encoding="UTF-8"?><record xmlns="http://www.loc.gov/MARC21/slim" xmlns:cinclude="http://apache.org/cocoon/include/1.0" xmlns:zs="http://www.loc.gov/zing/srw/">
  <leader>00341cz  a2200121n  4500</leader>
  <controlfield tag="001">n  90601137 </controlfield>
  <controlfield tag="003">DLC</controlfield>
  <controlfield tag="005">19900110111630.7</controlfield>
  <controlfield tag="008">900108n| acannaab|          |n aaa |||  </controlfield>
  <datafield tag="010" ind1=" " ind2=" ">
    <subfield code="a">n  90601137 </subfield>
  </datafield>
  <datafield tag="040" ind1=" " ind2=" ">
    <subfield code="a">DLC</subfield>
    <subfield code="c">DLC</subfield>
    <subfield code="d">DLC</subfield>
  </datafield>
  <datafield tag="100" ind1="1" ind2="0">
    <subfield code="a">Kinner, Ulrich H.</subfield>
  </datafield>
  <datafield tag="670" ind1=" " ind2=" ">
    <subfield code="a">His Wegweiser fuĚr Altlasten- und Bodensanierung, c1988:</subfield>
    <subfield code="b">t.p. (Ulrich H. Kinner)</subfield>
  </datafield>
</record>